<?xml version="1.0" encoding="UTF-8"?><record xmlns="http://www.loc.gov/MARC21/slim" xmlns:cinclude="http://apache.org/cocoon/include/1.0" xmlns:zs="http://www.loc.gov/zing/srw/">
  <leader>00441nz  a2200145n  4500</leader>
  <controlfield tag="001">n  93082753 </controlfield>
  <controlfield tag="003">DLC</controlfield>
  <controlfield tag="005">19930826102212.8</controlfield>
  <controlfield tag="008">930826n| acannaab|          |a ana |||  </controlfield>
  <datafield tag="010" ind1=" " ind2=" ">
    <subfield code="a">n  93082753 </subfield>
  </datafield>
  <datafield tag="040" ind1=" " ind2=" ">
    <subfield code="a">DLC</subfield>
    <subfield code="c">DLC</subfield>
  </datafield>
  <datafield tag="100" ind1="1" ind2="0">
    <subfield code="a">Chen, Maynard</subfield>
  </datafield>
  <datafield tag="400" ind1="1" ind2="0">
    <subfield code="a">Chen, M. Y.</subfield>
    <subfield code="q">(Maynard Y.)</subfield>
  </datafield>
  <datafield tag="670" ind1=" " ind2=" ">
    <subfield code="a">Gloutney, B.L. Status of the Lac La Ronge fishery, 1992:</subfield>
    <subfield code="b">t.p. (M.Y. Chen)</subfield>
  </datafield>
  <datafield tag="670" ind1=" " ind2=" ">
    <subfield code="a">NLC, 8/26/92</subfield>
    <subfield code="b">(Chen, Maynard; full name: Chen, Maynard Y.)</subfield>
  </datafield>
</record>